@article{Akbar2014,
	author = {Akbar, Muhammad Aminul and Hariadi, Mochamad and {Susiki Nugroho}, Supeno Mardi},
	title = {{Smart Agent for Multi Behaviour NPC Coordination Using Fuzzy Coordinator}},
	year = {2014},
}

@article{Csikszentmihalyi1991,
	author = {Csikszentmihalyi, Mihaly},
	doi = {10.5465/AMR.1991.4279513},
	eprint = {arXiv:1011.1669v3},
	isbn = {0060920432},
	issn = {0363-7425},
	journal = {Academy of Management Review},
	number = {3},
	pages = {636--640},
	pmid = {112},
	title = {{Flow: The Psychology of Optimal Experience.}},
	volume = {16},
	year = {1991},
}

@article{Hunicke2005,
	author = {Hunicke, Robin and Chapman, Vernell},
	doi = {10.1145/1178477.1178573},
	isbn = {1595931104},
	journal = {Proceedings of the 2005 ACM SIGCHI International Conference on Advances in computer entertainment technology - ACE '05},
	pages = {429--433},
	title = {{AI for Dynamic Difficulty Adjustment in Games}},
	year = {2005},
}
